[
  {
    "userId": "550e8400-e29b-41d4-a716-446655440000",
    "symbol": "AHPC",
    "totalUnits": 0,
    "avgCost": 0,
    "realizedProfit": 1590645.6018593751,
    "trades": [
      {
        "id": "e3d7a5c5-6920-4326-a846-f58f127505dd",
        "date": "2020-01-11T18:15:00.000Z",
        "type": "buy",
        "quantity": 120,
        "price": 81.7
      },
      {
        "id": "c822d99d-6592-4edb-a95e-5a17dbeba3e0",
        "date": "2020-02-25T18:15:00.000Z",
        "type": "sell",
        "quantity": 120,
        "price": 87.6
      },
      {
        "id": "20df7b57-6749-4236-982e-e4f427601c8b",
        "date": "2020-03-18T18:15:00.000Z",
        "type": "buy",
        "quantity": 125,
        "price": 81.5
      },
      {
        "id": "d513d16e-fd67-4072-8695-176793cfa0e9",
        "date": "2020-10-10T18:15:00.000Z",
        "type": "sell",
        "quantity": 125,
        "price": 128
      },
      {
        "id": "580c611f-d0e3-42d9-b3b2-0391367d7447",
        "date": "2020-10-17T18:15:00.000Z",
        "type": "buy",
        "quantity": 135,
        "price": 113.6
      },
      {
        "id": "77d6949b-96a9-4ec4-92c0-87bfa6ce5136",
        "date": "2020-11-09T18:15:00.000Z",
        "type": "sell",
        "quantity": 135,
        "price": 126
      },
      {
        "id": "85056a0e-1b05-4c1e-a1cf-1a39e6f978cf",
        "date": "2020-11-18T18:15:00.000Z",
        "type": "buy",
        "quantity": 145,
        "price": 116
      },
      {
        "id": "ed1036c2-f77a-476e-b3db-b90d31595b42",
        "date": "2020-12-08T18:15:00.000Z",
        "type": "sell",
        "quantity": 145,
        "price": 126
      },
      {
        "id": "de2e7179-a6e7-44ab-a0ac-d9d306cf4e79",
        "date": "2020-12-20T18:15:00.000Z",
        "type": "buy",
        "quantity": 160,
        "price": 112.5
      },
      {
        "id": "49e2cf5e-15ac-4147-8780-1c0cceb22b23",
        "date": "2021-03-09T18:15:00.000Z",
        "type": "sell",
        "quantity": 160,
        "price": 159
      },
      {
        "id": "cadb6465-9929-4348-b979-aa3ec88dda76",
        "date": "2021-03-20T18:15:00.000Z",
        "type": "buy",
        "quantity": 175,
        "price": 140.5
      },
      {
        "id": "1d5e6803-3e25-4939-9cce-debb88a7b953",
        "date": "2021-04-06T18:15:00.000Z",
        "type": "sell",
        "quantity": 175,
        "price": 159
      },
      {
        "id": "c027cffe-b59a-4b7d-95b3-4aa736c05ae8",
        "date": "2021-04-25T18:15:00.000Z",
        "type": "buy",
        "quantity": 195,
        "price": 142.5
      },
      {
        "id": "13eaf249-f602-4389-971e-755efe1dc17a",
        "date": "2021-06-13T18:15:00.000Z",
        "type": "sell",
        "quantity": 195,
        "price": 272
      },
      {
        "id": "89d4ed62-b22c-4dac-b7e6-5fc627461959",
        "date": "2021-07-06T18:15:00.000Z",
        "type": "buy",
        "quantity": 240,
        "price": 212
      },
      {
        "id": "33b96155-aeab-496d-b6da-b61aaae3e8a7",
        "date": "2021-08-30T18:15:00.000Z",
        "type": "sell",
        "quantity": 240,
        "price": 348
      },
      {
        "id": "9da1cbb3-cd5f-49bd-b2c5-bcb6fcdb55c2",
        "date": "2021-10-18T18:15:00.000Z",
        "type": "buy",
        "quantity": 400,
        "price": 200
      },
      {
        "id": "3c94b44b-ca1d-4ac8-97d6-9c196c1636b9",
        "date": "2021-10-31T18:15:00.000Z",
        "type": "sell",
        "quantity": 400,
        "price": 278
      },
      {
        "id": "09ed985d-c382-4af7-b610-9fc29e162360",
        "date": "2021-12-12T18:15:00.000Z",
        "type": "buy",
        "quantity": 540,
        "price": 202
      },
      {
        "id": "3067d23a-4937-4ba5-9f37-911d61fc37ab",
        "date": "2022-02-05T18:15:00.000Z",
        "type": "sell",
        "quantity": 540,
        "price": 305
      },
      {
        "id": "cd7ef5e9-005a-416a-867e-bf9d24f5bf5b",
        "date": "2022-04-19T18:15:00.000Z",
        "type": "buy",
        "quantity": 780,
        "price": 206
      },
      {
        "id": "038e906a-2ae2-4f4f-8d6a-d4008c24b082",
        "date": "2022-05-11T18:15:00.000Z",
        "type": "sell",
        "quantity": 780,
        "price": 240
      },
      {
        "id": "4ac8c690-a850-4e6c-b0b5-0e041c945cd6",
        "date": "2022-06-23T18:15:00.000Z",
        "type": "buy",
        "quantity": 1000,
        "price": 186
      },
      {
        "id": "95969a29-8934-44c4-8922-2292441f4fdf",
        "date": "2022-08-03T18:15:00.000Z",
        "type": "sell",
        "quantity": 1000,
        "price": 218
      },
      {
        "id": "44f3406e-ac45-4745-9c96-448dbf8d824d",
        "date": "2022-12-21T18:15:00.000Z",
        "type": "buy",
        "quantity": 1380,
        "price": 152
      },
      {
        "id": "e7d004c5-400d-4084-b1b8-fdb7169e19b3",
        "date": "2023-01-22T18:15:00.000Z",
        "type": "sell",
        "quantity": 1380,
        "price": 198
      },
      {
        "id": "a0b5477f-7330-4392-806a-ddb0d88a6e7a",
        "date": "2023-05-14T18:15:00.000Z",
        "type": "buy",
        "quantity": 1600,
        "price": 170
      },
      {
        "id": "6a9a4f53-9c9a-49d0-bbb1-bfa5faad4e3d",
        "date": "2023-06-19T18:15:00.000Z",
        "type": "sell",
        "quantity": 1600,
        "price": 192
      },
      {
        "id": "7db60847-7138-49f1-87ef-8e8884a88575",
        "date": "2023-09-10T18:15:00.000Z",
        "type": "buy",
        "quantity": 2200,
        "price": 135
      },
      {
        "id": "7ce10866-cdb4-469f-bdba-e066cf903921",
        "date": "2023-09-26T18:15:00.000Z",
        "type": "sell",
        "quantity": 2200,
        "price": 154
      },
      {
        "id": "f55ab7a9-c2da-4fcf-8b14-67aa2600d1bd",
        "date": "2023-12-04T18:15:00.000Z",
        "type": "buy",
        "quantity": 2400,
        "price": 140
      },
      {
        "id": "8ab88fab-f367-4977-bd02-62f238c29e4a",
        "date": "2024-01-30T18:15:00.000Z",
        "type": "sell",
        "quantity": 2400,
        "price": 200
      },
      {
        "id": "f030813d-f26a-49d9-b116-9f5642809685",
        "date": "2024-06-29T18:15:00.000Z",
        "type": "buy",
        "quantity": 3400,
        "price": 138.5
      },
      {
        "id": "cdafb024-a143-4c1f-b7f6-32776b32570e",
        "date": "2024-08-24T18:15:00.000Z",
        "type": "sell",
        "quantity": 3400,
        "price": 320
      },
      {
        "id": "6d8c90e7-1c6e-4e9d-8ae6-08e9fb8cf147",
        "date": "2024-12-21T18:15:00.000Z",
        "type": "buy",
        "quantity": 4500,
        "price": 232
      },
      {
        "id": "a18d673f-5c9f-4bce-9387-5ba486323c26",
        "date": "2025-05-10T18:15:00.000Z",
        "type": "sell",
        "quantity": 4500,
        "price": 298
      },
      {
        "id": "93ddc7f9-c69c-46e9-b0be-d69e3ce1e7e8",
        "date": "2025-09-17T18:15:00.000Z",
        "type": "buy",
        "quantity": 5000,
        "price": 256
      },
      {
        "id": "e93f8eb5-7ec9-4287-9d60-4a2d672989e2",
        "date": "2026-03-09T18:15:00.000Z",
        "type": "sell",
        "quantity": 5000,
        "price": 314
      }
    ],
    "startingInvestment": 10000
  },
  {
    "userId": "550e8400-e29b-41d4-a716-446655440000",
    "symbol": "AKJCL",
    "totalUnits": 0,
    "avgCost": 0,
    "realizedProfit": 576713.0079125,
    "startingInvestment": 10000,
    "trades": [
      {
        "id": "4375d223-388e-4eef-864a-ff85929ef849",
        "date": "2020-07-26T18:15:00.000Z",
        "type": "buy",
        "quantity": 120,
        "price": 79
      },
      {
        "id": "355b5642-3dfb-4cd7-90ea-677c24580fca",
        "date": "2020-08-02T18:15:00.000Z",
        "type": "sell",
        "quantity": 120,
        "price": 86
      },
      {
        "id": "7caea1e6-1bcf-40fa-ad65-eebf5bd85fa2",
        "date": "2020-08-19T18:15:00.000Z",
        "type": "buy",
        "quantity": 130,
        "price": 80
      },
      {
        "id": "ba5e9a16-eb2a-41c7-9130-04660b3c4592",
        "date": "2020-11-28T18:15:00.000Z",
        "type": "sell",
        "quantity": 130,
        "price": 127
      },
      {
        "id": "8f3a24ad-a355-4fe5-9968-b994f93031a3",
        "date": "2020-12-30T18:15:00.000Z",
        "type": "buy",
        "quantity": 150,
        "price": 107
      },
      {
        "id": "8faa2ac1-b41f-4dc2-9a87-0c60680267df",
        "date": "2021-02-22T18:15:00.000Z",
        "type": "sell",
        "quantity": 150,
        "price": 129
      },
      {
        "id": "f336fa8d-a960-485e-a66c-c17c90c11c6b",
        "date": "2021-04-26T18:15:00.000Z",
        "type": "buy",
        "quantity": 160,
        "price": 118
      },
      {
        "id": "0b555365-7298-4d19-9d8b-68e99d8b9e00",
        "date": "2021-06-14T18:15:00.000Z",
        "type": "sell",
        "quantity": 160,
        "price": 196
      },
      {
        "id": "ccddd5a6-3877-4d33-8b58-d89291aa78c5",
        "date": "2021-07-06T18:15:00.000Z",
        "type": "buy",
        "quantity": 180,
        "price": 160
      },
      {
        "id": "7a350412-16f2-4f95-95e0-cd29003a3f3a",
        "date": "2021-08-18T18:15:00.000Z",
        "type": "sell",
        "quantity": 180,
        "price": 260
      },
      {
        "id": "3e746492-9204-4c64-94b1-92aef2f3a208",
        "date": "2021-10-18T18:15:00.000Z",
        "type": "buy",
        "quantity": 275,
        "price": 170
      },
      {
        "id": "a85e9563-7845-40a4-aa40-c7fb815f992b",
        "date": "2021-10-31T18:15:00.000Z",
        "type": "sell",
        "quantity": 275,
        "price": 210
      },
      {
        "id": "4d798609-b6d0-4b77-822c-fed3c27954ae",
        "date": "2021-12-12T18:15:00.000Z",
        "type": "buy",
        "quantity": 360,
        "price": 154
      },
      {
        "id": "c0158ad5-abec-40a3-b558-d30c563204de",
        "date": "2022-01-16T18:15:00.000Z",
        "type": "sell",
        "quantity": 360,
        "price": 196
      },
      {
        "id": "24817065-99c4-412f-b77f-498e6841b7ea",
        "date": "2022-06-22T18:15:00.000Z",
        "type": "buy",
        "quantity": 540,
        "price": 130
      },
      {
        "id": "2d549365-f929-4c52-bc8d-2d3bcd446bb2",
        "date": "2022-07-31T18:15:00.000Z",
        "type": "sell",
        "quantity": 540,
        "price": 155.5
      },
      {
        "id": "80315cad-752d-4369-bcd6-644136e2e046",
        "date": "2022-12-21T18:15:00.000Z",
        "type": "buy",
        "quantity": 670,
        "price": 124
      },
      {
        "id": "5b68df37-f4c9-47e3-ab27-41ef8c91ae56",
        "date": "2023-02-11T18:15:00.000Z",
        "type": "sell",
        "quantity": 670,
        "price": 163
      },
      {
        "id": "7d192d9c-1664-4e20-a80c-ca2373bf5c3a",
        "date": "2023-11-21T18:15:00.000Z",
        "type": "buy",
        "quantity": 900,
        "price": 118
      },
      {
        "id": "87331b64-eddc-4088-aa47-d31befad70fc",
        "date": "2024-01-30T18:15:00.000Z",
        "type": "sell",
        "quantity": 900,
        "price": 157
      },
      {
        "id": "fac7cd4f-6878-489b-a4a7-5f813fc8aedb",
        "date": "2024-06-09T18:15:00.000Z",
        "type": "buy",
        "quantity": 1000,
        "price": 138
      },
      {
        "id": "4c5d1d54-1e99-4eb4-9f7c-0bc02ca82891",
        "date": "2024-08-17T18:15:00.000Z",
        "type": "sell",
        "quantity": 1000,
        "price": 272
      },
      {
        "id": "a996df28-21bd-4070-9809-a1a0726ae77b",
        "date": "2024-09-29T18:15:00.000Z",
        "type": "buy",
        "quantity": 1350,
        "price": 190
      },
      {
        "id": "7429a34f-b87a-471a-a369-16bdc76efa44",
        "date": "2025-07-26T18:15:00.000Z",
        "type": "sell",
        "quantity": 1350,
        "price": 229
      },
      {
        "id": "0fa10709-8229-4b53-982b-771fe4d0f90f",
        "date": "2025-09-17T18:15:00.000Z",
        "type": "buy",
        "quantity": 1500,
        "price": 175
      },
      {
        "id": "92a2dca4-0366-4369-9155-f3c20d99d21f",
        "date": "2026-03-09T18:15:00.000Z",
        "type": "sell",
        "quantity": 1500,
        "price": 368
      }
    ]
  }
]